
@mvbook{marx_kapital_1962,
  title = {Das Kapital. Kritik der politischen Ökonomie. Erster Band: Der Produktionsprozeß des Kapitals},
  shorttitle = {Das Kapital. Erster Band},
  author = {Marx, Karl},
  date = {1962},
  edition = {4},
  volume = {23},
  publisher = {{Dietz}},
  location = {{Berlin}},
  langid = {german},
  pagetotal = {956},
  series = {Marx Engels Werke},
  volumes = {43}
}


